--TEST--
marc_xml_012: load from SimpleXMLElement object
--SKIPIF--
<?php include('skipif.inc'); ?>
--FILE--
<?php
$dir = dirname(__FILE__);
require __DIR__ . '/bootstrap.php';

$xml_obj = simplexml_load_file($dir . '/namespace.xml', "SimpleXMLElement", 0, "http://www.loc.gov/MARC21/slim", false);

$marc_file = new File_MARCXML($xml_obj);
$marc_file->toXMLHeader();
while ($marc_record = $marc_file->next()) {
  print $marc_record->toXML('UTF-8', true, false);
}
print $marc_file->toXMLFooter();

?>
--EXPECT--
<?xml version="1.0" encoding="UTF-8"?>
<collection xmlns="http://www.loc.gov/MARC21/slim">
 <record xmlns="http://www.loc.gov/MARC21/slim">
  <leader>00925njm  22002777a 4500</leader>
  <controlfield tag="001">5637241</controlfield>
  <controlfield tag="003">DLC</controlfield>
  <controlfield tag="005">19920826084036.0</controlfield>
  <controlfield tag="007">sdubumennmplu</controlfield>
  <controlfield tag="008">910926s1957    nyuuun              eng  </controlfield>
  <datafield tag="010" ind1=" " ind2=" ">
   <subfield code="a">   91758335 </subfield>
  </datafield>
  <datafield tag="028" ind1="0" ind2="0">
   <subfield code="a">1259</subfield>
   <subfield code="b">Atlantic</subfield>
  </datafield>
  <datafield tag="040" ind1=" " ind2=" ">
   <subfield code="a">DLC</subfield>
   <subfield code="c">DLC</subfield>
  </datafield>
  <datafield tag="050" ind1="0" ind2="0">
   <subfield code="a">Atlantic 1259</subfield>
  </datafield>
  <datafield tag="245" ind1="0" ind2="4">
   <subfield code="a">The Great Ray Charles</subfield>
   <subfield code="h">[sound recording].</subfield>
  </datafield>
  <datafield tag="260" ind1=" " ind2=" ">
   <subfield code="a">New York, N.Y. :</subfield>
   <subfield code="b">Atlantic,</subfield>
   <subfield code="c">[1957?]</subfield>
  </datafield>
  <datafield tag="300" ind1=" " ind2=" ">
   <subfield code="a">1 sound disc :</subfield>
   <subfield code="b">analog, 33 1/3 rpm ;</subfield>
   <subfield code="c">12 in.</subfield>
  </datafield>
  <datafield tag="511" ind1="0" ind2=" ">
   <subfield code="a">Ray Charles, piano &amp; celeste.</subfield>
  </datafield>
  <datafield tag="505" ind1="0" ind2=" ">
   <subfield code="a">The Ray -- My melancholy baby -- Black coffee -- There's no you -- Doodlin' -- Sweet sixteen bars -- I surrender dear -- Undecided.</subfield>
  </datafield>
  <datafield tag="500" ind1=" " ind2=" ">
   <subfield code="a">Brief record.</subfield>
  </datafield>
  <datafield tag="650" ind1=" " ind2="0">
   <subfield code="a">Jazz</subfield>
   <subfield code="y">1951-1960.</subfield>
  </datafield>
  <datafield tag="650" ind1=" " ind2="0">
   <subfield code="a">Piano with jazz ensemble.</subfield>
  </datafield>
  <datafield tag="700" ind1="1" ind2=" ">
   <subfield code="a">Charles, Ray,</subfield>
   <subfield code="d">1930-</subfield>
   <subfield code="4">prf</subfield>
  </datafield>
 </record>